@article{gilson1997statistical,
  title={The statistical-thermodynamic basis for computation of binding affinities: a critical review},
  author={Gilson, Michael K and Given, James A and Bush, Bruce L and McCammon, J Andrew},
  journal={Biophysical journal},
  volume={72},
  number={3},
  pages={1047--1069},
  year={1997},
  publisher={Elsevier},
  doi={10.1016/S0006-3495(97)78756-3}
}

@article{pan2017quantitative,
  title={Quantitative characterization of the binding and unbinding of millimolar drug fragments with molecular dynamics simulations},
  author={Pan, Albert C and Xu, Huafeng and Palpant, Timothy and Shaw, David E},
  journal={Journal of chemical theory and computation},
  volume={13},
  number={7},
  pages={3372--3377},
  year={2017},
  publisher={ACS Publications},
  doi={10.1021/acs.jctc.7b00172}
}
